<?xml version="1.0" encoding="UTF-8"?><collection xmlns="http://www.loc.gov/MARC21/slim"><record><leader>00299nam--2200109-i-4500</leader><controlfield tag="001">000008957</controlfield><controlfield tag="002">20161230</controlfield><controlfield tag="005">20161230201028</controlfield><controlfield tag="008">060222s1000------------r-----000-0-eng-d</controlfield><datafield ind1=" " ind2=" " tag="245"><subfield code="a">Civilian nuclear power. a report to the presid ent:1962</subfield></datafield><datafield ind1=" " ind2=" " tag="490"><subfield code="a">Oak Ridge, U.S.A.E.C., 1962. 67 P</subfield></datafield><datafield ind1=" " ind2=" " tag="852"><subfield code="a">621.039.003</subfield></datafield></record></collection>